<?xml version="1.0" encoding="UTF-8"?>
<collection xmlns:xsi="http://www.w3.org/2001/XMLSchema-instance" xsi:schemaLocation="http://www.loc.gov/MARC21/slim http://www.loc.gov/standards/marcxml/schema/MARC21slim.xsd" xmlns="http://www.loc.gov/MARC21/slim">
<record>
  <leader>01107cam a2200241   4500</leader>
  <controlfield tag="001">1627650</controlfield>
  <controlfield tag="003">NNC</controlfield>
  <controlfield tag="005">20160623143623.0</controlfield>
  <controlfield tag="008">921029s1953    ua a          000 0 ara d</controlfield>
  <datafield tag="035" ind1=" " ind2=" ">
    <subfield code="a">(OCoLC)ocm26883145</subfield>
  </datafield>
  <datafield tag="035" ind1=" " ind2=" ">
    <subfield code="9">AKN7029CU</subfield>
  </datafield>
  <datafield tag="035" ind1=" " ind2=" ">
    <subfield code="a">(NNC)1627650</subfield>
  </datafield>
  <datafield tag="040" ind1=" " ind2=" ">
    <subfield code="a">AZU</subfield>
    <subfield code="c">AZU</subfield>
    <subfield code="d">ZCU</subfield>
  </datafield>
  <datafield tag="100" ind1="1" ind2=" ">
    <subfield code="a">Ḥumaydī, Muḥammad ibn Fattūḥ,</subfield>
    <subfield code="d">-1095.</subfield>
  </datafield>
  <datafield tag="245" ind1="1" ind2="0">
    <subfield code="a">Jadhwat al-muqtabis fī dhikr wulāt al-Andalus wa-asmāʾ ruwāt al-ḥadīth wa-ahl al-fiqh, wa-al-adab /</subfield>
    <subfield code="c">taʾlīf Abī ʻAbd Allāh Muḥammad ibn Fattūḥ ibn ʻAbd Allāh al-Ḥumaydī ; kataba taqdimatahu Muḥammad Zāhid ibn al-Ḥusayn al-Kawtharī ; qāma bi-taṣḥīḥihi wa- taḥqīqihi Muḥammad ibn Tāwīt al-Ṭanjī.</subfield>
  </datafield>
  <datafield tag="260" ind1=" " ind2=" ">
    <subfield code="a">al-Qāhirah :</subfield>
    <subfield code="b">Maktab Nashr al-Thaqāfah al-Islāmīyah,</subfield>
    <subfield code="c">1953.</subfield>
  </datafield>
  <datafield tag="300" ind1=" " ind2=" ">
    <subfield code="a">447 p. :</subfield>
    <subfield code="b">ill. ;</subfield>
    <subfield code="c">25 cm.</subfield>
  </datafield>
  <datafield tag="490" ind1="1" ind2=" ">
    <subfield code="a">Min turāth al-Andalus ;</subfield>
    <subfield code="v">1</subfield>
  </datafield>
  <datafield tag="504" ind1=" " ind2=" ">
    <subfield code="a">Includes bibliographical references and indexes.</subfield>
  </datafield>
  <datafield tag="651" ind1=" " ind2="0">
    <subfield code="a">Spain</subfield>
    <subfield code="x">Kings and rulers</subfield>
    <subfield code="v">Biography.</subfield>
  </datafield>
  <datafield tag="650" ind1=" " ind2="0">
    <subfield code="a">Arabs</subfield>
    <subfield code="z">Spain</subfield>
    <subfield code="v">Biography.</subfield>
  </datafield>
  <datafield tag="830" ind1=" " ind2="0">
    <subfield code="a">Min turāth al-Andalus ;</subfield>
    <subfield code="v">1.</subfield>
  </datafield>
  <datafield tag="955" ind1=" " ind2=" ">
    <subfield code="b">CU58661123</subfield>
    <subfield code="d">off,glx</subfield>
    <subfield code="e">893.716 H88</subfield>
  </datafield>
</record>
</collection>